@article{blackwood2012,
  title={The effect of fishing on hysteresis in Caribbean coral reefs},
  author={Blackwood, Julie C and Hastings, Alan and Mumby, Peter J},
  journal={Theoretical ecology},
  volume={5},
  number={1},
  pages={105--114},
  year={2012},
  publisher={Springer}
}

@article{choi2019,
  title={Mapping physiology: biophysical mechanisms define scales of climate change impacts},
  author={Choi, Francis and Gouhier, Tarik and Lima, Fernando and Rilov, Gil and Seabra, Rui and Helmuth, Brian},
  journal={Conservation physiology},
  volume={7},
  number={1},
  pages={coz028},
  year={2019},
  publisher={Oxford University Press}
}

@article{fu2012,
  title={Relative importance of fisheries, trophodynamic and environmental drivers in a series of marine ecosystems},
  author={Fu, Caihong and Gaichas, Sarah and Link, Jason S and Bundy, Alida and Boldt, Jennifer L and Cook, Adam M and Gamble, Robert and Utne, Kjell Rong and Liu, Hui and Friedland, Kevin D},
  journal={Marine Ecology Progress Series},
  volume={459},
  pages={169--184},
  year={2012}
}

@article{gaichas2012,
  title={What drives marine fisheries production?},
  author={Gaichas, Sarah K and Bundy, Alida and Miller, Thomas J and Moksness, Erlend and Stergiou, Konstantinos I},
  journal={Marine Ecology Progress Series},
  volume={459},
  pages={159--163},
  year={2012}
}

@article{groffman2006,
  title={Ecological thresholds: the key to successful environmental management or an important concept with no practical application?},
  author={Groffman, Peter M and Baron, Jill S and Blett, Tamara and Gold, Arthur J and Goodman, Iris and Gunderson, Lance H and Levinson, Barbara M and Palmer, Margaret A and Paerl, Hans W and Peterson, Garry D and others},
  journal={Ecosystems},
  volume={9},
  number={1},
  pages={1--13},
  year={2006},
  publisher={Springer}
}

@article{large2013,
  title={Defining trends and thresholds in responses of ecological indicators to fishing and environmental pressures},
  author={Large, Scott I and Fay, Gavin and Friedland, Kevin D and Link, Jason S},
  journal={ICES Journal of Marine Science},
  volume={70},
  number={4},
  pages={755--767},
  year={2013},
  publisher={Oxford University Press}
}

@article{large2015,
  title={Quantifying patterns of change in marine ecosystem response to multiple pressures},
  author={Large, Scott I and Fay, Gavin and Friedland, Kevin D and Link, Jason S},
  journal={PLoS One},
  volume={10},
  number={3},
  pages={e0119922},
  year={2015},
  publisher={Public Library of Science}
}

@article{lary2016,
  title={Machine learning in geosciences and remote sensing},
  author={Lary, David J and Alavi, Amir H and Gandomi, Amir H and Walker, Annette L},
  journal={Geoscience Frontiers},
  volume={7},
  number={1},
  pages={3--10},
  year={2016},
  publisher={Elsevier}
}

@book{mather2016,
  title={Classification methods for remotely sensed data},
  author={Mather, Paul and Tso, Brandt},
  year={2016},
  publisher={CRC press}
}

@book{roughgarden2014,
  title={Perspectives in ecological theory},
  author={Roughgarden, Jonathan and May, Robert M and Levin, Simon A},
  volume={986},
  year={2014},
  publisher={Princeton University Press}
}

@article{samhouri2009,
  title={Quantitative evaluation of marine ecosystem indicator performance using food web models},
  author={Samhouri, Jameal F and Levin, Phillip S and Harvey, Chris J},
  journal={Ecosystems},
  volume={12},
  number={8},
  pages={1283--1298},
  year={2009},
  publisher={Springer}
}

@article{samhouri2010,
  title={Identifying thresholds for ecosystem-based management},
  author={Samhouri, Jameal F and Levin, Phillip S and Ainsworth, Cameron H},
  journal={PLoS One},
  volume={5},
  number={1},
  pages={e8907},
  year={2010},
  publisher={Public Library of Science}
}

@inproceedings{santos2010,
  title={A genetic programming approach for coffee crop recognition},
  author={Santos, JA and Faria, F and Calumby, R and Torres, R da S and Lamparelli, Rubens AC},
  booktitle={2010 IEEE International Geoscience and Remote Sensing Symposium},
  pages={3418--3421},
  year={2010},
  organization={IEEE}
}

@article{tews2004,
  title={Animal species diversity driven by habitat heterogeneity/diversity: the importance of keystone structures},
  author={Tews, J{\"o}rg and Brose, Ulrich and Grimm, Volker and Tielb{\"o}rger, Katja and Wichmann, MC and Schwager, Monika and Jeltsch, Florian},
  journal={Journal of biogeography},
  volume={31},
  number={1},
  pages={79--92},
  year={2004},
  publisher={Wiley Online Library}
}

@article{zar1984,
  title={Biostatistical analysis, Englewood Cliffs},
  author={Zar, Jerrold H},
  journal={NY: Prentice-Hall},
  pages={360},
  year={1984}
}